@article{Baba2018b,
    title = {{3D room geometry inference based on room impulse response stacks}},
    year = {2018},
    journal = {IEEE/ACM Transactions on Audio Speech and Language Processing},
    author = {Baba, Youssef El and Walther, Andreas and Habets, Emanuël A.P.},
    number = {5},
    pages = {857--872},
    volume = {26},
    isbn = {2329-9290 2329-9304},
    doi = {10.1109/TASLP.2017.2784298},
    issn = {23299290},
    pmid = {21489295},
    keywords = {Image model, TOA disambiguation, echo labeling, reflection point localization, reflector localization, room geometry inference}
}


@article{falk2010non,
  title={A non-intrusive quality and intelligibility measure of reverberant and dereverberated speech},
  author={Falk, Tiago H and Zheng, Chenxi and Chan, Wai-Yip},
  journal={IEEE Transactions on Audio, Speech, and Language Processing},
  volume={18},
  number={7},
  pages={1766--1774},
  year={2010},
  publisher={IEEE}
}


@inproceedings{Javed2016spherical,
  title={Spherical microphone array acoustic rake receivers},
  author={Javed, Hamza A and Moore, Alastair H and Naylor, Patrick A},
  booktitle={2016 IEEE International Conference on Acoustics, Speech and Signal Processing (ICASSP)},
  pages={111--115},
  year={2016},
  organization={IEEE}
}


@book{VanTrees2004Optimum,
  title={Optimum array processing: Part IV of detection, estimation, and modulation theory},
  author={Van Trees, Harry L},
  year={2004},
  publisher={John Wiley \& Sons}
}


@article{Gannot2017consolidated,
  title={A consolidated perspective on multi-microphone speech enhancement and source separation},
  author={Gannot, Sharon and Vincent, Emmanuel and Markovich-Golan, Shmulik and Ozerov, Alexey},
  journal={IEEE/ACM Transactions on Audio, Speech, and Language Processing},
  volume={25},
  number={4},
  pages={692--730},
  year={2017},
  publisher={IEEE}
}


@article{Affes1997signal,
    title = {{A signal subspace tracking algorithm for microphone array processing of speech}},
    year = {1997},
    journal = {IEEE Transactions on Speech and Audio Processing},
    author = {Affes, Sofiène and Grenier, Yves},
    number = {5},
    pages = {425--437},
    volume = {5},
    doi = {10.1109/89.622565},
    issn = {10636676},
    keywords = {Adaptive beamforming, Dereverberation, Identification, Matched filtering, Microphone arrays, Speech enhancement, Subspace tracking, Voice activity detection}
}

@article{Dokmanic2013acoustic,
    title = {{Acoustic echoes reveal room shape}},
    year = {2013},
    journal = {Proceedings of the National Academy of Sciences of the United States of America},
    author = {Dokmani{\'{c}}, Ivan and Parhizkar, Reza and Walther, Andreas and Lu, Yue M. and Vetterli, Martin},
    number = {30},
    pages = {12186--12191},
    volume = {110},
    doi = {10.1073/pnas.1221464110},
    issn = {00278424},
    keywords = {Echo sorting, Geometry reconstruction, Image sources, Room geometry}
}

@article{Plinge2016acoustic,
    title = {{Acoustic microphone geometry calibration}},
    year = {2016},
    journal = {IEEE Signal Processing Magazine},
    author = {Plinge, Axel and Jacob, Florian and Haeb-Umbach, Reinhold and Fink, Gernot A.},
    number = {July},
    pages = {14--28}
}

@inproceedings{Shih2019phone,
  title={Can a phone hear the shape of a room?},
  author={Shih, Oliver and Rowe, Anthony},
  booktitle={ACM/IEEE International Conference on Information Processing in Sensor Networks (IPSN)},
  pages={277--288},
  year={2019},
  organization={IEEE}
}


@article{Boutin2020drone,
  title={A drone can hear the shape of a room},
  author={Boutin, Mireille and Kemper, Gregor},
  journal={SIAM Journal on Applied Algebra and Geometry},
  volume={4},
  number={1},
  pages={123--140},
  year={2020},
  publisher={SIAM}
}


@inproceedings{Paul1992design,
  title={The design for the Wall Street Journal-based CSR corpus},
  author={Paul, Douglas B and Baker, Janet M},
  booktitle={Proceedings of the workshop on Speech and Natural Language},
  pages={357--362},
  year={1992},
  organization={Association for Computational Linguistics}
}


@article{Farina2007advancements,
    title = {{Advancements in impulse response measurements by sine sweeps}},
    year = {2007},
    journal = {122nd Audio Engineering Society Convention},
    author = {Farina, Angelo},
    pages = {1626--1646},
    volume = {3},
    isbn = {9781604231403}
}

@inproceedings{DiCarlo2020blaster,
    title = {{Blaster: An Off-Grid Method for Blind and Regularized Acoustic Echoes Retrieval}},
    year = {2020},
    booktitle = {IEEE International Conference on Acoustics, Speech and Signal Processing (ICASSP)},
    author = {Di Carlo, Diego and Elvira, Clement and Deleforge, Antoine and Bertin, Nancy and Gribonval, Remi},
    number = {1},
    pages = {156--160},
    doi = {10.1109/icassp40776.2020.9054647}
}

@inproceedings{Genovese2019blind,
    title = {{Blind Room Volume Estimation from Single-channel Noisy Speech}},
    year = {2019},
    booktitle = {IEEE International Conference on Acoustics, Speech and Signal Processing (ICASSP)},
    author = {Genovese, Andrea F. and Gamper, Hannes and Pulkki, Ville and Raghuvanshi, Nikunj and Tashev, Ivan J.},
    pages = {231--235},
    volume = {2019-May},
    isbn = {9781479981311},
    doi = {10.1109/ICASSP.2019.8682951},
    issn = {15206149},
    keywords = {Room acoustics, convolutional neural network, non-intrusive parameter estimation, room size, signal processing}
}

@article{Szoke2018building,
    title = {{Building and Evaluation of a Real Room Impulse Response Dataset}},
    year = {2019},
    journal = {IEEE Journal on Selected Topics in Signal Processing},
    author = {Szoke, Igor and Skacel, Miroslav and Mosner, Ladislav and Paliesek, Jakub and Cernocky, Jan Honza},
    number = {4},
    pages = {863--876},
    volume = {13},
    doi = {10.1109/JSTSP.2019.2917582},
    issn = {19410484},
    arxivId = {1811.06795},
    keywords = {AMI, Far-field, Kaldi, Maximum Length Sequence, SineSweep, automatic speech recognition, deep neural network, noise, reverberation, room impulse response}
}

@article{Perotin2018crnn,
    title = {{CRNN-Based Multiple DoA Estimation Using Acoustic Intensity Features for Ambisonics Recordings}},
    year = {2019},
    journal = {IEEE Journal on Selected Topics in Signal Processing},
    author = {Perotin, Laureline and Serizel, Romain and Vincent, Emmanuel and Guerin, Alexandre},
    number = {1},
    pages = {22--33},
    volume = {13},
    doi = {10.1109/JSTSP.2019.2900164},
    issn = {19324553},
    keywords = {Audio source localization, acoustic intensity, convolutional recurrent neural network, direction of arrival, first-order Ambisonics, layerwise relevance propagation}
}

@article{Eaton2016estimation,
    title = {{Estimation of Room Acoustic Parameters: The ACE Challenge}},
    year = {2016},
    journal = {IEEE/ACM Transactions on Audio Speech and Language Processing},
    author = {Eaton, James and Gaubitch, Nikolay D. and Moore, Alastair H. and Naylor, Patrick A.},
    month = {10},
    pages = {1681--1693},
    volume = {24},
    publisher = {Institute of Electrical and Electronics Engineers Inc.},
    doi = {10.1109/TASLP.2016.2577502},
    issn = {23299290},
    keywords = {Acoustic signal processing, parameter estimation, reverberation}
}

@inproceedings{Crocco2016,
    title = {{Estimation of TDOA for room reflections by iterative weighted l1 constraint}},
    year = {2016},
    booktitle = {IEEE International Conference on Acoustics, Speech and Signal Processing (ICASSP)},
    author = {Crocco, Marco and Del Bue, Alessio},
    number = {2},
    pages = {3201--3205},
    volume = {2016-May},
    publisher = {IEEE},
    isbn = {9781479999880},
    doi = {10.1109/ICASSP.2016.7472268},
    issn = {15206149},
    keywords = {Acoustic Impulse Response, Blind Channel Identification, Non-negative Priors, Sparsity, TDOA Estimation}
}

@article{Beck2008ExactProblems,
    title = {{Exact and approximate solutions of source localization problems}},
    year = {2008},
    journal = {IEEE Transactions on Signal Processing},
    author = {Beck, Amir and Stoica, Petre and Li, Jian},
    number = {5},
    pages = {1770--1778},
    volume = {56},
    doi = {10.1109/TSP.2007.909342},
    issn = {1053587X},
    keywords = {Efficiently and globally optimal solution, Generalized trust region subproblems (GTRS), Least squares, Nonconvex, Quadratic function minimization, Range measurements, Range-difference measurements, Single quadratic constraint, Source localization, Squared range observations}
}

@article{Defrance2008finding,
    title = {{Finding the onset of a room impulse response: Straightforward?}},
    year = {2008},
    journal = {The Journal of the Acoustical Society of America},
    author = {Defrance, Guillaume and Daudet, Laurent and Polack, Jean-Dominique},
    number = {4},
    pages = {EL248-EL254},
    volume = {124},
    doi = {10.1121/1.2960935},
    issn = {0001-4966}
}

@inproceedings{Kim2017generation,
    title = {{Generation of large-scale simulated utterances in virtual rooms to train deep-neural networks for far-field speech recognition in Google Home}},
    year = {2017},
    booktitle = {Proceedings of the Annual Conference of the International Speech Communication Association (INTERSPEECH)},
    author = {Kim, Chanwoo and Misra, Ananya and Chin, Kean and Hughes, Thad and Narayanan, Arun and Sainath, Tara and Bacchiani, Michiel},
    pages = {379--383},
    volume = {2017-Augus},
    url = {http://dx.doi.org/10.21437/Interspeech.2017-1510},
    isbn = {2308457X},
    doi = {10.21437/Interspeech.2017-1510},
    issn = {19909772},
    keywords = {Robust Speech Recognition, Room Acoustics, Simulated Data, deep learning}
}

@book{geldard1953human,
  title={The human senses},
  author={Geldard, Frank Arthur and O'Hehir, Rhys and Gavens, Deborah},
  year={1953},
  publisher={Wiley New York}
}


@article{Allen1979image,
    title = {{Image method for efficiently simulating small-room acoustics}},
    year = {1979},
    journal = {Journal of the Acoustical Society of America},
    author = {Allen, Jont B. and Berkley, David A.},
    number = {4},
    pages = {943--950},
    volume = {65},
    doi = {10.1121/1.382599},
    issn = {NA}
}

@inproceedings{DiCarlo2019mirage,
    title = {{Mirage: 2D Source Localization Using Microphone Pair Augmentation with Echoes}},
    year = {2019},
    booktitle = {IEEE International Conference on Acoustics, Speech and Signal Processing (ICASSP)},
    author = {Di Carlo, Diego and Deleforge, Antoine and Bertin, Nancy},
    pages = {775--779},
    volume = {2019-May},
    isbn = {9781479981311},
    doi = {10.1109/ICASSP.2019.8683534},
    issn = {15206149},
    arxivId = {1906.08968},
    keywords = {Image Microphones, Sound Source Localization, Supervised Learning, TDOA Estimation}
}

@inproceedings{Cmejla2019mirage,
    title = {{MIRaGe: Multichannel Database Of Room Impulse Responses Measured On High-Resolution Cube-Shaped Grid In Multiple Acoustic Conditions}},
    year = {2019},
    booktitle = {IEEE Workshop on Applications of Signal Processing to Audio and Acoustics (WASPAA)},
    author = {{\v{C}}mejla, Jaroslav and Kounovsk{\'{y}}, Tomáš and Gannot, Sharon and Koldovsk{\'{y}}, Zbyněk and Tandeitnik, Pinchas},
    pages = {1--5},
    url = {http://arxiv.org/abs/1907.12421},
    arxivId = {1907.12421}
}

@inproceedings{Hadad2014multichannel,
    title = {{Multichannel audio database in various acoustic environments}},
    year = {2014},
    booktitle = {2014 14th International Workshop on Acoustic Signal Enhancement, IWAENC 2014},
    author = {Hadad, Elior and Heese, Florian and Vary, Peter and Gannot, Sharon},
    pages = {313--317},
    isbn = {9781479968084},
    doi = {10.1109/IWAENC.2014.6954309},
    keywords = {Database, microphone arrays, multi-channel, room impulse response}
}


@article{Kowalczyk2019raking,
    title = {{Raking early reflection signals for late reverberation and noise reduction}},
    year = {2019},
    journal = {The Journal of the Acoustical Society of America},
    author = {Kowalczyk, Konrad},
    number = {3},
    pages = {EL257-EL263},
    volume = {145},
    url = {http://dx.doi.org/10.1121/1.5095535},
    doi = {10.1121/1.5095535},
    issn = {0001-4966}
}

@article{Dockmanic2015raking,
    title = {{Raking the Cocktail Party}},
    year = {2015},
    journal = {IEEE Journal on Selected Topics in Signal Processing},
    author = {Dokmani{\'{c}}, Ivan and Scheibler, Robin and Vetterli, Martin},
    number = {5},
    pages = {825--836},
    volume = {9},
    publisher = {IEEE},
    doi = {10.1109/JSTSP.2015.2415761},
    issn = {19324553},
    arxivId = {1407.5514},
    keywords = {Acoustic rake receiver, beamforming, echo sorting, interference cancellation, noise suppression, perceptual evaluation of speech quality (PESQ), room impulse response}
}
@inproceedings{rui2004time,
  title        = {Time delay estimation in the presence of correlated noise and reverberation},
  author       = {Rui, Yong and Florencio, Dinei},
  booktitle    = {2004 IEEE International Conference on Acoustics, Speech, and Signal Processing},
  volume       = {2},
  pages        = {ii--133},
  year         = {2004},
  organization = {IEEE}
}

@inproceedings{zhang2007maximum,
  title        = {Maximum likelihood sound source localization for multiple directional microphones},
  author       = {Zhang, Cha and Zhang, Zhengyou and Flor{\^e}ncio, Dinei},
  booktitle    = {2007 IEEE International Conference on Acoustics, Speech and Signal Processing-ICASSP'07},
  volume       = {1},
  pages        = {I--125},
  year         = {2007},
  organization = {IEEE}
}


@inproceedings{dokmanic2015relax,
    title = {{Relax and unfold: Microphone localization with Euclidean distance matrices}},
    year = {2015},
    booktitle = {European Signal Processing Conference, (EUSIPCO)},
    author = {Dokmani{\'{c}}, Ivan and Ranieri, Juri and Vetterli, Martin},
    pages = {265--269},
    isbn = {9780992862633},
    doi = {10.1109/EUSIPCO.2015.7362386},
    keywords = {Euclidean distance matrix, Microphone localization, array calibration, microphone array, multidimensional unfolding, semidefinite relaxation}
}

@book{kuttruff2009room,
  title={Room acoustics},
  author={Kuttruff, Heinrich},
  year={2016},
  publisher={Crc Press}
}


@inproceedings{Crocco2018room,
    title = {{Room Reflector Estimation from Sound by Greedy Iterative Approach}},
    year = {2018},
    booktitle = {IEEE International Conference on Acoustics, Speech and Signal Processing (ICASSP)},
    author = {Crocco, Marco and Trucco, Andrea and Del Bue, Alessio},
    pages = {6877--6881},
    volume = {2018-April},
    isbn = {9781538646588},
    doi = {10.1109/ICASSP.2018.8461640},
    issn = {15206149},
    keywords = {Echo Labelling problem, NP-hard, Room Reconstruction, Structure from Sound}
}

@inproceedings{Scheibler2017separake,
    title = {{Separake: Source Separation with a Little Help from Echoes}},
    year = {2018},
    booktitle = {IEEE International Conference on Acoustics, Speech and Signal Processing (ICASSP)},
    author = {Scheibler, Robin and Di Carlos, Diego and Deleforge, Antoine and Dokmanic, Ivan},
    pages = {6897--6901},
    volume = {2018-April},
    url = {http://arxiv.org/abs/1711.06805},
    isbn = {9781538646588},
    doi = {10.1109/ICASSP.2018.8461345},
    issn = {15206149},
    arxivId = {1711.06805},
    keywords = {Echoes, Multi-channel, NMF, Room geometry, Source separation}
}

@article{Annibale2011scenic,
    title = {{The SCENIC project: Environment-aware sound sensing and rendering}},
    year = {2011},
    journal = {Procedia Computer Science},
    author = {Annibale, P. and Antonacci, F. and Bestagini, P. and Brutti, A. and Canclini, A. and Cristoforetti, L. and Habets, E. and Kellermann, W. and Kowalczyk, K. and Lombard, A. and Mabande, E. and Markovic, D. and Naylor, P. and Omologo, M. and Rabenstein, R. and Sarti, A. and Svaizer, P. and Thomas, M.},
    pages = {150--152},
    volume = {7},
    url = {http://dx.doi.org/10.1016/j.procs.2011.09.039},
    doi = {10.1016/j.procs.2011.09.039},
    issn = {18770509},
    keywords = {Computational acoustics, Environment-aware sound processing, Microphone and speaker arrays}
}

@inproceedings{gaultier2017vast,
    title = {{VAST: The virtual acoustic space traveler dataset}},
    year = {2017},
    booktitle = {Lecture Notes in Computer Science},
    author = {Gaultier, Clément and Kataria, Saurabh and Deleforge, Antoine},
    pages = {68--79},
    volume = {10169 LNCS},
    isbn = {9783319535463},
    doi = {10.1007/978-3-319-53547-0{\_}7},
    issn = {16113349},
    arxivId = {1612.06287},
    keywords = {Binaural hearing, Machine learning, Room simulation, Sound localization}
}

@article{Bertin2019voice,
    title = {{VoiceHome-2, an extended corpus for multichannel speech processing in real homes}},
    year = {2019},
    journal = {Speech Communication},
    author = {Bertin, Nancy and Camberlein, Ewen and Lebarbenchon, Romain and Vincent, Emmanuel and Sivasankaran, Sunit and Illina, Irina and Bimbot, Frédéric},
    pages = {68--78},
    volume = {106},
    doi = {10.1016/j.specom.2018.11.002},
    issn = {01676393},
    keywords = {ASR, Distant-microphone, Enhancement, Localization, Noise, Reverberation, Robustness}
}

@article{vincent2006performance,
  title={Performance measurement in blind audio source separation},
  author={Vincent, Emmanuel and Gribonval, R{\'e}mi and F{\'e}votte, C{\'e}dric},
  journal={IEEE transactions on audio, speech, and language processing},
  volume={14},
  number={4},
  pages={1462--1469},
  year={2006},
  publisher={IEEE}
}

@article{doclo2003robust,
  title={Robust adaptive time delay estimation for speaker localization in noisy and reverberant acoustic environments},
  author={Doclo, Simon and Moonen, Marc},
  journal={EURASIP Journal on Advances in Signal Processing},
  volume={2003},
  number={11},
  pages={495250},
  year={2003},
  publisher={Springer}
}

@article{antonacci2012inference,
  title={Inference of room geometry from acoustic impulse responses},
  author={Antonacci, Fabio and Filos, Jason and Thomas, Mark RP and Habets, Emanu{\"e}l AP and Sarti, Augusto and Naylor, Patrick A and Tubaro, Stefano},
  journal={IEEE Transactions on Audio, Speech, and Language Processing},
  volume={20},
  number={10},
  pages={2683--2695},
  year={2012},
  publisher={IEEE}
}
