@article{habets2006room,
  title={Room impulse response generator},
  author={Habets, Emanuel AP},
  journal={Technische Universiteit Eindhoven, Tech. Rep},
  volume={2},
  number={2.4},
  pages={1},
  year={2006}
}

@article{marczuk2006modelling,
  title={Modelling of Green function in a rectangular room based upon the geometrical-filtration model},
  author={Marczuk, R and Majkut, L},
  journal={Archives of Acoustics},
  volume={31},
  number={2},
  pages={213--230},
  year={2006}
}

@book{kuttruff2016room,
  title={Room acoustics},
  author={Kuttruff, Heinrich},
  year={2016},
  publisher={CRC Press}
}

@article{allen1979image,
  title={Image method for efficiently simulating small-room acoustics},
  author={Allen, Jont B and Berkley, David A},
  journal={The Journal of the Acoustical Society of America},
  volume={65},
  number={4},
  pages={943--950},
  year={1979},
  publisher={Acoustical Society of America}
}

@incollection{avanzini2019sound,
  title       = "Sound in Space",
  author      = "Avanzini, Federico",
  editor      = "",
  booktitle   = "Algorithms for Sound and Music Computing",
  publisher   = "",
  address     = "",
  year        = 2019,
  pages       = "1-58",
  chapter     = 4,
}

@book{duffy2015green,
  title={Green's functions with applications},
  author={Duffy, Dean G},
  year={2015},
  publisher={CRC Press}
}


@article{savioja2015overview,
  title={Overview of geometrical room acoustic modeling techniques},
  author={Savioja, Lauri and Svensson, U Peter},
  journal={The Journal of the Acoustical Society of America},
  volume={138},
  number={2},
  pages={708--730},
  year={2015},
  publisher={Acoustical Society of America}
}

@article{krokstad1968calculating,
  title={Calculating the acoustical room response by the use of a ray tracing technique},
  author={Krokstad, Asbj{\o}rn and Strom, Staffan and S{\o}rsdal, Svein},
  journal={Journal of Sound and Vibration},
  volume={8},
  number={1},
  pages={118--125},
  year={1968},
  publisher={Elsevier}
}

@article{davis1926sound,
  title={Sound pulse photography as applied to the study of architectural acoustics},
  author={Davis, AH and Fleming, N},
  journal={Journal of Scientific Instruments},
  volume={3},
  number={12},
  pages={393},
  year={1926},
  publisher={IOP Publishing}
}

@book{pierce2019acoustics,
  title={Acoustics: an introduction to its physical principles and applications},
  author={Pierce, Allan D},
  year={2019},
  publisher={Springer}
}

@inproceedings{valimaki2016more,
  title={More than 50 years of artificial reverberation},
  author={V{\"a}lim{\"a}ki, Vesa and Parker, Julian and Savioja, Lauri and Smith, Julius O and Abel, Jonathan},
  booktitle={Audio engineering society conference: 60th international conference: dreams (dereverberation and reverberation of audio, music, and speech)},
  year={2016},
  organization={Audio Engineering Society}
}


@article{wallach1973precedence,
  title={The precedence effect in sound localization (tutorial reprint)},
  author={Wallach, Hans and Newman, Edwin B and Rosenzweig, Mark R},
  journal={Journal of the audio engineering society},
  volume={21},
  number={10},
  pages={817--826},
  year={1973},
  publisher={Audio Engineering Society}
}

@article{barron1971subjective,
  title={The subjective effects of first reflections in concert hallsâ€”the need for lateral reflections},
  author={Barron, Michael},
  journal={Journal of sound and vibration},
  volume={15},
  number={4},
  pages={475--494},
  year={1971},
  publisher={Elsevier}
}

@article{griesinger1997psychoacoustics,
  title={The psychoacoustics of apparent source width, spaciousness and envelopment in performance spaces},
  author={Griesinger, David},
  journal={Acta Acustica united with Acustica},
  volume={83},
  number={4},
  pages={721--731},
  year={1997},
  publisher={S. Hirzel Verlag}
}

@article{kearney2012distance,
  title={Distance perception in interactive virtual acoustic environments using first and higher order ambisonic sound fields},
  author={Kearney, Gavin and Gorzel, Marcin and Rice, Henry and Boland, Frank},
  journal={Acta Acustica united with Acustica},
  volume={98},
  number={1},
  pages={61--71},
  year={2012},
  publisher={S. Hirzel Verlag}
}

@article{zahorik2002direct,
  title={Direct-to-reverberant energy ratio sensitivity},
  author={Zahorik, Pavel},
  journal={The Journal of the Acoustical Society of America},
  volume={112},
  number={5},
  pages={2110--2117},
  year={2002},
  publisher={Acoustical Society of America}
}

@article{schlecht2016feedback,
  title={Feedback delay networks: Echo density and mixing time},
  author={Schlecht, Sebastian J and Habets, Emanu{\"e}l AP},
  journal={IEEE/ACM Transactions on Audio, Speech, and Language Processing},
  volume={25},
  number={2},
  pages={374--383},
  year={2016},
  publisher={IEEE}
}
